@article{ma2018characterizing,
  title={Characterizing adversarial subspaces using local intrinsic dimensionality},
  author={Ma, Xingjun and Li, Bo and Wang, Yisen and Erfani, Sarah M and Wijewickrema, Sudanthi and Schoenebeck, Grant and Song, Dawn and Houle, Michael E and Bailey, James},
  journal={arXiv preprint arXiv:1801.02613},
  year={2018}
}

@inproceedings{lee2018simple,
  title={A simple unified framework for detecting out-of-distribution samples and adversarial attacks},
  author={Lee, Kimin and Lee, Kibok and Lee, Honglak and Shin, Jinwoo},
  booktitle={Advances in Neural Information Processing Systems},
  pages={7167--7177},
  year={2018}
}

@inproceedings{carlini2017towards,
  title={Towards evaluating the robustness of neural networks},
  author={Carlini, Nicholas and Wagner, David},
  booktitle={2017 ieee symposium on security and privacy (sp)},
  pages={39--57},
  year={2017},
  organization={IEEE}
}

@inproceedings{papernot2016distillation,
  title={Distillation as a defense to adversarial perturbations against deep neural networks},
  author={Papernot, Nicolas and McDaniel, Patrick and Wu, Xi and Jha, Somesh and Swami, Ananthram},
  booktitle={2016 IEEE Symposium on Security and Privacy (SP)},
  pages={582--597},
  year={2016},
  organization={IEEE}
}

@inproceedings{samangouei2018defense,
  title={Defense-GAN: Protecting Classifiers Against Adversarial Attacks Using Generative Models},
  author={Samangouei, Pouya and Kabkab, Maya and Chellappa, Rama},
  booktitle={International Conference on Learning Representations},
  year={2018}
}

@article{fefferman2016testing,
  title={Testing the manifold hypothesis},
  author={Fefferman, Charles and Mitter, Sanjoy and Narayanan, Hariharan},
  journal={Journal of the American Mathematical Society},
  volume={29},
  number={4},
  pages={983--1049},
  year={2016}
}

@article{chen2017targeted,
  title={Targeted backdoor attacks on deep learning systems using data poisoning},
  author={Chen, Xinyun and Liu, Chang and Li, Bo and Lu, Kimberly and Song, Dawn},
  journal={arXiv preprint arXiv:1712.05526},
  year={2017}
}

@article{schmidt2018adversarially,
  title={Adversarially robust generalization requires more data},
  author={Schmidt, Ludwig and Santurkar, Shibani and Tsipras, Dimitris and Talwar, Kunal and Madry, Aleksander},
  journal={Advances in neural information processing systems},
  volume={31},
  year={2018}
}

@article{miller2020adversarial,
  title={Adversarial learning targeting deep neural network classification: A comprehensive review of defenses against attacks},
  author={Miller, David J and Xiang, Zhen and Kesidis, George},
  journal={Proceedings of the IEEE},
  volume={108},
  number={3},
  pages={402--433},
  year={2020},
  publisher={IEEE}
}

@article{koh2021stronger,
  title={Stronger data poisoning attacks break data sanitization defenses},
  author={Koh, Pang Wei and Steinhardt, Jacob and Liang, Percy},
  journal={Machine Learning},
  pages={1--47},
  year={2021},
  publisher={Springer}
}

@inproceedings{guo2017calibration,
  title={On calibration of modern neural networks},
  author={Guo, Chuan and Pleiss, Geoff and Sun, Yu and Weinberger, Kilian Q},
  booktitle={International Conference on Machine Learning},
  pages={1321--1330},
  year={2017},
  organization={PMLR}
}

@article{qin2021improving,
  title={Improving calibration through the relationship with adversarial robustness},
  author={Qin, Yao and Wang, Xuezhi and Beutel, Alex and Chi, Ed},
  journal={Advances in Neural Information Processing Systems},
  volume={34},
  year={2021}
}

@article{su2019one,
  title={One pixel attack for fooling deep neural networks},
  author={Su, Jiawei and Vargas, Danilo Vasconcellos and Sakurai, Kouichi},
  journal={IEEE Transactions on Evolutionary Computation},
  volume={23},
  number={5},
  pages={828--841},
  year={2019},
  publisher={IEEE}
}

@article{chakraborty2018adversarial,
  title={Adversarial attacks and defences: A survey},
  author={Chakraborty, Anirban and Alam, Manaar and Dey, Vishal and Chattopadhyay, Anupam and Mukhopadhyay, Debdeep},
  journal={arXiv preprint arXiv:1810.00069},
  year={2018}
}

@article{santurkar2019image,
  title={Image synthesis with a single (robust) classifier},
  author={Santurkar, Shibani and Ilyas, Andrew and Tsipras, Dimitris and Engstrom, Logan and Tran, Brandon and Madry, Aleksander},
  journal={Advances in Neural Information Processing Systems},
  volume={32},
  year={2019}
}

@article{tsipras2018robustness,
  title={Robustness may be at odds with accuracy},
  author={Tsipras, Dimitris and Santurkar, Shibani and Engstrom, Logan and Turner, Alexander and Madry, Aleksander},
  journal={arXiv preprint arXiv:1805.12152},
  year={2018}
}

@article{bietti2018regularization,
  title={On regularization and robustness of deep neural networks},
  author={Bietti, Alberto and Mialon, Gr{\'e}goire and Mairal, Julien},
  year={2018}
}

@article{goibert2019adversarial,
  title={Adversarial robustness via label-smoothing},
  author={Goibert, Morgane and Dohmatob, Elvis},
  journal={arXiv preprint arXiv:1906.11567},
  year={2019}
}

@article{blanchet2019robust,
  title={Robust Wasserstein profile inference and applications to machine learning},
  author={Blanchet, Jose and Kang, Yang and Murthy, Karthyek},
  journal={Journal of Applied Probability},
  volume={56},
  number={3},
  pages={830--857},
  year={2019},
  publisher={Cambridge University Press}
}

@inproceedings{blanchet2019data,
  title={Data-driven optimal transport cost selection for distributionally robust optimization},
  author={Blanchet, Jose and Kang, Yang and Murthy, Karthyek and Zhang, Fan},
  booktitle={2019 winter simulation conference (WSC)},
  pages={3740--3751},
  year={2019},
  organization={IEEE}
}

@article{xiao2018generating,
  title={Generating adversarial examples with adversarial networks},
  author={Xiao, Chaowei and Li, Bo and Zhu, Jun-Yan and He, Warren and Liu, Mingyan and Song, Dawn},
  journal={arXiv preprint arXiv:1801.02610},
  year={2018}
}

@article{dohmatob2018limitations,
  title={Limitations of adversarial robustness: strong no free lunch theorem},
  author={Dohmatob, Elvis},
  journal={arXiv preprint arXiv:1810.04065},
  year={2018}
}